@online{RIS,
    author   = "DEC",
    title    = "Hard Terminal Reset",
    label    = "RIS",
    url      = "https://vt100.net/docs/vt510-rm/RIS.html",
    addendum = "(accessed: 01.09.2021)",
    keywords = "RIS"
}

@online{DECSTR,
    author   = "DEC",
    title    = "Soft Terminal Reset",
    label    = "DECSTR",
    url      = "https://vt100.net/docs/vt510-rm/DECSTR.html",
    addendum = "(accessed: 01.09.2021)",
    keywords = "DECSTR"
}

@online{RM,
    author   = "DEC",
    title    = "Set Mode",
    label    = "RM",
    url      = "https://vt100.net/docs/vt510-rm/RM.html",
    addendum = "(accessed: 01.09.2021)",
    keywords = "RM"
}

@online{SM,
    author   = "DEC",
    title    = "Set Mode",
    label    = "SM",
    url      = "https://vt100.net/docs/vt510-rm/SM.html",
    addendum = "(accessed: 01.09.2021)",
    keywords = "SM"
}

@online{DECRQM,
    author   = "DEC",
    title    = "Request Mode",
    label    = "DECRQM",
    url      = "https://vt100.net/docs/vt510-rm/DECRQM.html",
    addendum = "(accessed: 01.09.2021)",
    keywords = "DECRQM"
}

@online{DECAWM,
    author   = "DEC",
    title    = "AutoWrap Mode",
    label    = "DECAWM",
    url      = "https://vt100.net/docs/vt510-rm/DECAWM.html",
    addendum = "(accessed: 01.09.2021)",
    keywords = "DECAWM"
}

@online{UTS-11,
    author      = "Unicode Consortium",
    title    = "East Asian Width",
    label    = "UTS 11",
    url      = "https://unicode.org/reports/tr11/",
    addendum = "(accessed: 01.09.2021)",
    keywords = "UTS 11"
}

@online{UTS-29,
    author   = "Unicode Consortium",
    title    = "UTS 29, Unicode Grapheme segmentation algorithm",
    label    = "UTS 29",
    url      = "https://unicode.org/reports/tr29/#Grapheme_Cluster_Boundary_Rules",
    addendum = "(accessed: 01.09.2021)",
    keywords = "UTS 29"
}

@online{UTS-51,
    author      = "Unicode Consortium",
    title    = "UTS 51, Unicode Emoji",
    label    = "UTS 51",
    url      = "https://unicode.org/reports/tr51/#Display",
    addendum = "(accessed: 01.09.2021)",
    keywords = "UTS 51"
}
